<?xml version='1.0' encoding='utf-8'?>
<record xmlns="http://www.loc.gov/MARC21/slim" xmlns:xsi="http://www.w3.org/2001/XMLSchema-instance">
  <leader>00000cam^a2200217^^^4500</leader>
  <controlfield tag="001">006879894</controlfield>
  <controlfield tag="005">20090914125928.0</controlfield>
  <controlfield tag="008">811007s1885^^^^ohug^^^^^b^^^^000^0^eng^^</controlfield>
  <datafield tag="010" ind1=" " ind2=" ">
    <subfield code="a">e 13001266</subfield>
  </datafield>
  <datafield tag="035" ind1=" " ind2=" ">
    <subfield code="a">(OCoLC)7825786</subfield>
  </datafield>
  <datafield tag="035" ind1=" " ind2=" ">
    <subfield code="a">(OCoLC)ocm07825786</subfield>
  </datafield>
  <datafield tag="040" ind1=" " ind2=" ">
    <subfield code="a">DLC</subfield>
    <subfield code="c">OUN</subfield>
    <subfield code="d">OCLCG</subfield>
    <subfield code="d">BEU</subfield>
    <subfield code="d">MiU-H</subfield>
  </datafield>
  <datafield tag="049" ind1=" " ind2=" ">
    <subfield code="a">BEUA</subfield>
  </datafield>
  <datafield tag="050" ind1=" " ind2="0">
    <subfield code="a">LC37</subfield>
    <subfield code="b">.P2</subfield>
  </datafield>
  <datafield tag="100" ind1="1" ind2=" ">
    <subfield code="a">Payne, Daniel Alexander,</subfield>
    <subfield code="d">1811-1893.</subfield>
  </datafield>
  <datafield tag="245" ind1="1" ind2="2">
    <subfield code="a">A treatise on domestic education /</subfield>
    <subfield code="c">by Rev. Daniel A. Payne.</subfield>
  </datafield>
  <datafield tag="260" ind1=" " ind2=" ">
    <subfield code="a">Cincinnati, Ohio :</subfield>
    <subfield code="b">Cranston &amp; Stowe,</subfield>
    <subfield code="c">1885.</subfield>
  </datafield>
  <datafield tag="300" ind1=" " ind2=" ">
    <subfield code="a">184 p. :</subfield>
    <subfield code="b">music ;</subfield>
    <subfield code="c">18 cm.</subfield>
  </datafield>
  <datafield tag="504" ind1=" " ind2=" ">
    <subfield code="a">Includes bibliographical references.</subfield>
  </datafield>
  <datafield tag="650" ind1=" " ind2="0">
    <subfield code="a">Homebound instruction.</subfield>
  </datafield>
  <datafield tag="650" ind1=" " ind2="0">
    <subfield code="a">Religious education.</subfield>
  </datafield>
  <datafield tag="852" ind1="8" ind2=" ">
    <subfield code="a">MiU-H</subfield>
    <subfield code="b">BENT</subfield>
    <subfield code="h">85413 Aa 2 Box 4</subfield>
  </datafield>
  <datafield tag="997" ind1=" " ind2=" ">
    <subfield code="a">MARS</subfield>
  </datafield>
  <datafield tag="955" ind1=" " ind2=" ">
    <subfield code="b">BENT</subfield>
    <subfield code="p">39015071894328</subfield>
  </datafield>
</record>
